@article{1,
	author = {Neupane, Bipul AND Horanont, Teerayut AND Hung, Nguyen Duy},
    	journal = {PLOS ONE},
    	publisher = {Public Library of Science},
    	title = {Deep learning based banana plant detection and counting using high-resolution red-green-blue (RGB) images collected from unmanned aerial vehicle (UAV)},
    	year = {2019},
    	month = {10},
    	volume = {14},
    	pages = {1-22},
    	number = {10},
    	doi = {10.1371/journal.pone.0223906}
}
% url = {https://doi.org/10.1371/journal.pone.0223906},
@article{Egli2020,
  doi = {10.3390/rs12233892},
  year = {2020},
  month = nov,
  publisher = {{MDPI} {AG}},
  volume = {12},
  number = {23},
  pages = {3892},
  author = {Sebastian Egli and Martin H\"{o}pke},
  title = {{CNN}-Based Tree Species Classification Using High Resolution {RGB} Image Data from Automated {UAV} Observations},
  journal = {Remote Sensing}
}
  url = {https://doi.org/10.3390/rs12233892},
%

@inproceedings{Ozcan2015,
  doi = {10.1109/rast.2015.7208353},
  year = {2015},
  month = jun,
  publisher = {{IEEE}},
  author = {Abdullah H. Ozcan and Yetkin Sayar and Dilara Hisar and Cem Unsalan},
  title = {Multiscale tree analysis from satellite images},
  booktitle = {2015 7th International Conference on Recent Advances in Space Technologies ({RAST})}
}
  url = {https://doi.org/10.1109/rast.2015.7208353},
%

@article{3,
	author = {Natesan, Sowmya and Armenakis, Costas and Vepakomma, Udaya},
	year = {2019},
	month = {06},
	pages = {475-481},
	title = {RESNET-BASED TREE SPECIES CLASSIFICATION USING UAV IMAGES},
	volume = {XLII-2/W13},
	journal = {ISPRS - International Archives of the Photogrammetry, Remote Sensing and Spatial Information Sciences},
	doi = {10.5194/isprs-archives-XLII-2-W13-475-2019}
}

@article{4,
	title = {Individual tree crown delineation in a highly diverse tropical forest using very high resolution satellite images},
	journal = {ISPRS Journal of Photogrammetry and Remote Sensing},
	volume = {145},
	pages = {362-377},
	year = {2018},
	note = {SI: Latin America Issue},
	issn = {0924-2716},
	doi = {https://doi.org/10.1016/j.isprsjprs.2018.09.013},
	author = {Fabien Hubert Wagner and Matheus Pinheiro Ferreira and Alber Sanchez and Mayumi C.M. Hirye and Maciel Zortea and Emanuel Gloor and Oliver L. Phillips and Carlos Roberto [de Souza Filho] and Yosio Edemir Shimabukuro and Luiz E.O.C. Arag√£o} 
}
%url = {http://www.sciencedirect.com/science/article/pii/S0924271618302582},

@book{5,
  doi = {10.1007/978-1-4757-6465-9},
  url = {https://doi.org/10.1007/978-1-4757-6465-9},
  year = {1994},
  publisher = {Springer {US}},
  author = {Tony Lindeberg},
  title = {Scale-Space Theory in Computer Vision}
}

@article{Mahour2020,
  doi = {10.3390/s20247194},
  year = {2020},
  month = dec,
  publisher = {{MDPI} {AG}},
  volume = {20},
  number = {24},
  pages = {7194},
  author = {Milad Mahour and Valentyn Tolpekin and Alfred Stein},
  title = {Automatic Detection of Individual Trees from {VHR} Satellite Images Using Scale-Space Methods},
  journal = {Sensors}
}

  url = {https://doi.org/10.3390/s20247194},
%